@misc{zpe,
  title        = {{Zintegrowana Platforma Edukacyjna Ministerstwa Edukacji Narodowej} Urbanizacja w Polsce},
  howpublished = {\url{https://zpe.gov.pl/a/zroznicowanie-poziomu-urbanizacji-w-polsce/D19MUchJD}},
}
@misc{wbd,
  title        = {{World Bank Data} Poland},
  howpublished = {\url{https://www.worldbank.org/pl/country/poland}},
}